
@article{rompay_analysis_nodate,
	title = {Analysis and Design of Cryptographic Hash Functions, {MAC} Algorithms and Block Ciphers},
	pages = {259},
	author = {Rompay, Bart Van and Esat, K U Leuven},
	langid = {dutch},
	file = {Rompay and Esat - Analysis and Design of Cryptographic Hash Function.pdf:C\:\\Users\\email\\Zotero\\storage\\8NYWYBA7\\Rompay and Esat - Analysis and Design of Cryptographic Hash Function.pdf:application/pdf},
}