
@inproceedings{garcia_b4health_2019,
	title = {B4HEALTH - {AN} {ARCHITECTURE} {MODEL} {FOR} {PERSONAL} {HEALTH} {RECORDS} {WITH} {HL}7 {FHIR} {AND} {HYPERLEDGER} {FABRIC}},
	isbn = {978-989-8533-94-4},
	url = {http://www.iadisportal.org/digital-library/b4health-an-architecture-model-for-personal-health-records-with-hl7-fhir-and-hyperledger-fabric},
	abstract = {Health Institutions use the {EHR} (Electronic Health Record) for many years to register the patients information electronically. On the other hand, this data is still in many different systems of the health institutions, which the patient interacted},
	eventtitle = {{IADIS} International Conference {WWW}/Internet 2019},
	pages = {19--26},
	author = {Garcia, Victor Giovanella and Roehrs, Alex and Costa, Cristiano André da and Righi, Rodrigo da Rosa and Mayer, André Henrique and Reis, Rodolfo Stoffel Antunes \{and\} Eduardo Souza dos},
	urldate = {2021-04-12},
	date = {2019},
	file = {Full Text PDF:C\:\\Users\\email\\Zotero\\storage\\26VHRCLA\\Garcia et al. - 2019 - B4HEALTH - AN ARCHITECTURE MODEL FOR PERSONAL HEAL.pdf:application/pdf;Snapshot:C\:\\Users\\email\\Zotero\\storage\\HCGGB5HI\\b4health-an-architecture-model-for-personal-health-records-with-hl7-fhir-and-hyperledger-fabric.html:text/html},
}