
@report{nakamoto_bitcoin_2019,
	title = {Bitcoin: A Peer-to-Peer Electronic Cash System},
	url = {https://git.dhimmel.com/bitcoin-whitepaper/},
	shorttitle = {Bitcoin},
	institution = {Manubot},
	author = {Nakamoto, Satoshi},
	urldate = {2020-11-18},
	date = {2019-11-20},
	note = {Publication Title: Manubot},
	file = {Full Text PDF:C\:\\Users\\email\\Zotero\\storage\\T4AESJCP\\Nakamoto - 2019 - Bitcoin A Peer-to-Peer Electronic Cash System.pdf:application/pdf;Snapshot:C\:\\Users\\email\\Zotero\\storage\\8BUDAF5J\\bitcoin-whitepaper.html:text/html},
}