
@online{noauthor_ethereum_nodate,
	title = {Ethereum Whitepaper},
	url = {https://ethereum.org},
	abstract = {An introductory paper to Ethereum, published in 2013 before its launch.},
	titleaddon = {ethereum.org},
	urldate = {2021-04-22},
	langid = {english},
	file = {Snapshot:C\:\\Users\\email\\Zotero\\storage\\E7AB3H3U\\whitepaper.html:text/html},
}