
@online{noauthor_general_nodate,
	title = {General Data Protection Regulation ({GDPR}) – Official Legal Text},
	url = {https://gdpr-info.eu/},
	abstract = {General Data Protection Regulation ({EU} {GDPR}) – The official {PDF} of the Regulation ({EU}) 2016/679, its recitals \& key issues as a neatly arranged website.},
	titleaddon = {General Data Protection Regulation ({GDPR})},
	urldate = {2021-04-04},
	langid = {american},
	file = {Snapshot:C\:\\Users\\email\\Zotero\\storage\\GXKQWHX8\\gdpr-info.eu.html:text/html},
}