@book{zand2021hands,
  title={Hands-On Smart Contract Development with Hyperledger Fabric V2: Building Enterprise Blockchain Applications},
  author={Zand, M. and Wu, X. and Morris, M.A.},
  isbn={9781492086123},
  url={https://books.google.co.uk/books?id=-D7kzQEACAAJ},
  year={2021},
  publisher={O'Reilly Media, Incorporated}
}
