
@report{noauthor_hyperledger_2017,
	title = {Hyperledger Architecture, Volume 1},
	url = {https://www.hyperledger.org/wp-content/uploads/2017/08/Hyperledger_Arch_WG_Paper_1_Consensus.pdf},
	abstract = {This is the first in a series of papers from the Hyperledger Architecture Working
Group ({WG}). These papers describe a generalized reference architecture for
permissioned blockchain networks and share the recommendations of the
Hyperledger Architecture {WG} with the end goal of guiding all Hyperledger
projects towards modular designs. These papers also serve as a vendorneutral resource for technical blockchain users and developers interested in
using permissioned blockchain networks.},
	urldate = {2021-04-11},
	date = {2017-08},
	file = {Hyperledger_Arch_WG_Paper_1_Consensus.pdf:C\:\\Users\\email\\Zotero\\storage\\ZP234E23\\Hyperledger_Arch_WG_Paper_1_Consensus.pdf:application/pdf},
}