
@report{noauthor_ibm_2020,
	title = {{IBM} Blockchain Platform Technical Overview},
	url = {https://www.ibm.com/downloads/cas/Q9DGBLV7},
	urldate = {2021-04-12},
	date = {2020-05},
	file = {Q9DGBLV7.pdf:C\:\\Users\\email\\Zotero\\storage\\BCELF2CD\\Q9DGBLV7.pdf:application/pdf},
}