
@online{noauthor_ibp_deployment_nodate,
	title = {{IBP}\_Deployment 2},
	url = {https://cloud.ibm.com/docs-content/v1/content/df0a4c7f2cb3e41463dfe4767b7d3893aa845be4/blockchain/images/IBP-Diagram.svg},
	urldate = {2021-04-22},
	file = {IBP_Deployment 2:C\:\\Users\\email\\Zotero\\storage\\KDX737N6\\IBP-Diagram.html:text/html},
}