
@article{paranjape_implementation_2019,
	title = {Implementation Considerations for Blockchain in Healthcare Institutions},
	rights = {Copyright (c)},
	issn = {2573-8240},
	url = {https://blockchainhealthcaretoday.com/index.php/journal/article/view/114},
	doi = {10.30953/bhty.v2.114},
	journaltitle = {Blockchain in Healthcare Today},
	shortjournal = {{BHTY}},
	author = {Paranjape, Ketan and Parker, Mitchell and Houlding, David and Car, Josip},
	urldate = {2021-04-18},
	date = {2019-07-09},
	langid = {english},
	file = {Full Text PDF:C\:\\Users\\email\\Zotero\\storage\\PQ7XWK43\\Paranjape et al. - 2019 - Implementation Considerations for Blockchain in He.pdf:application/pdf;Snapshot:C\:\\Users\\email\\Zotero\\storage\\2PYQF72W\\114.html:text/html},
}