
@article{shaw_penetration_2019,
	title = {Penetration Testing Technical Report},
	pages = {20},
	author = {Shaw, Graham},
	date = {2019-08-08},
	langid = {english},
	file = {Shaw - Penetration Testing Technical Report.pdf:C\:\\Users\\email\\Zotero\\storage\\BWAQWWS9\\Shaw - Penetration Testing Technical Report.pdf:application/pdf},
}