
@thesis{merkle_secrecy_1979,
	location = {Stanford, {CA}, {USA}},
	title = {Secrecy, authentication, and public key systems.},
	pagetotal = {187},
	institution = {Stanford University},
	type = {phdthesis},
	author = {Merkle, Ralph Charles},
	date = {1979},
	note = {{AAI}8001972},
}