
@article{lamport_byzantine_1982,
	title = {The Byzantine Generals Problem},
	volume = {4},
	issn = {0164-0925},
	url = {https://doi.org/10.1145/357172.357176},
	doi = {10.1145/357172.357176},
	pages = {382--401},
	number = {3},
	journaltitle = {{ACM} Transactions on Programming Languages and Systems},
	shortjournal = {{ACM} Trans. Program. Lang. Syst.},
	author = {Lamport, Leslie and Shostak, Robert and Pease, Marshall},
	urldate = {2021-04-10},
	date = {1982-07-01},
	file = {Full Text PDF:C\:\\Users\\email\\Zotero\\storage\\8PACB2U8\\Lamport et al. - 1982 - The Byzantine Generals Problem.pdf:application/pdf},
}