
@online{noauthor_using_nodate,
	title = {Using the Fabric test network — hyperledger-fabricdocs master documentation},
	url = {https://hyperledger-fabric.readthedocs.io/en/release-2.2/test_network.html},
	urldate = {2021-04-23},
	file = {Using the Fabric test network — hyperledger-fabricdocs master documentation:C\:\\Users\\email\\Zotero\\storage\\XZADES4G\\test_network.html:text/html},
}