
@article{schlagenhauf_variants_2021,
	title = {Variants, vaccines and vaccination passports: Challenges and chances for travel medicine in 2021},
	volume = {40},
	issn = {1477-8939},
	url = {https://www.ncbi.nlm.nih.gov/pmc/articles/PMC7899929/},
	doi = {10.1016/j.tmaid.2021.101996},
	shorttitle = {Variants, vaccines and vaccination passports},
	pages = {101996},
	journaltitle = {Travel Medicine and Infectious Disease},
	shortjournal = {Travel Med Infect Dis},
	author = {Schlagenhauf, Patricia and Patel, Dipti and Rodriguez-Morales, Alfonso J. and Gautret, Philippe and Grobusch, Martin P. and Leder, Karin},
	urldate = {2021-04-03},
	date = {2021},
	pmid = {33631338},
	pmcid = {PMC7899929},
	file = {PubMed Central Full Text PDF:C\:\\Users\\email\\Zotero\\storage\\5BJS4E6G\\Schlagenhauf et al. - 2021 - Variants, vaccines and vaccination passports Chal.pdf:application/pdf},
}