
@online{noauthor_whats_nodate,
	title = {What’s new in Hyperledger Fabric v2.x — hyperledger-fabricdocs master documentation},
	url = {https://hyperledger-fabric.readthedocs.io/en/release-2.2/whatsnew.html},
	urldate = {2021-04-22},
	file = {What’s new in Hyperledger Fabric v2.x — hyperledger-fabricdocs master documentation:C\:\\Users\\email\\Zotero\\storage\\6UI4BWLP\\whatsnew.html:text/html},
}